% This file was created by hand
% Encoding: ISO8859_1


@inproceedings{WildenhainSIGBOVIK2017,
  author    = {Tom Wildenhain},
  title     = {On The Turing Completeness of PowerPoint},
  booktitle = {11th International Conference on Special Interest Group on Harry Quip Bovik, {SIGBOVIK} 2017, Carnegie Mellon University, Pittsburgh, Pennsylvania, USA.},
  year      = {2017}
}

@article{wichmann1995industrial,
  title={Industrial perspective on static analysis},
  author={Wichmann, BA and Canning, AA and Clutterbuck, DL and Winsborrow, LA and Ward, NJ and Marsh, DWR},
  journal={Software Engineering Journal},
  volume={10},
  number={2},
  pages={69--75},
  year={1995},
  publisher={IET}
}


@article{cornelissen2009systematic,
  title={A systematic survey of program comprehension through dynamic analysis},
  author={Cornelissen, Bas and Zaidman, Andy and Van Deursen, Arie and Moonen, Leon and Koschke, Rainer},
  journal={IEEE Transactions on Software Engineering},
  volume={35},
  number={5},
  pages={684--702},
  year={2009},
  publisher={IEEE}
}

